
@misc{afzali2024,
	title = {Muslim Diversity Study: Quantitative protocol and practical insights on engaging New Zealand{\textquoteright}s Muslim communities},
	author = {Afzali, M. U. and Badis, J. S. and Khoso, P. and Aqsa, G. and Ahmed, M. S. and Ali, A. and Ali, A. and Ali, Z. S. and Arkilic, A. and Azeem, Tuba and Burhoum, Hala and Emamzadeh, Zahra and Haidary, Zahra and Hamid, Nasratullah and Husain, Iman and Junaid, Fatima A. and Khan, Mashal and Mustapha-Koiki, Adepate and ria, hussain and Shawkat, Farah and Sulehry, Rizwan and Tamimi, Mai and Tanveer, Sandila and Tasneem, Somia and Yogeeswaran, Kumar and Sibley, Chris G and Bulbulia, Joseph and Rasheed, Aarif A.},
	year = {2024},
	month = {12},
	date = {2024-12-30},
	url = {http://dx.doi.org/10.31219/osf.io/tqvsk}
}

