
@article{perkel2022,
	title = {Cut the tyranny of copy-and-paste with these coding tools},
	author = {Perkel, Jeffrey M.},
	year = {2022},
	month = {02},
	date = {2022-02-28},
	journal = {Nature},
	pages = {191--192},
	volume = {603},
	number = {7899},
	doi = {10.1038/d41586-022-00563-z},
	url = {http://dx.doi.org/10.1038/d41586-022-00563-z},
	langid = {en}
}

@article{morton2024,
	title = {Non-symbolic estimation of big and small ratios with accurate and noisy feedback},
	author = {Morton, Nicola J. and Grice, Matt and Kemp, Simon and Grace, Randolph C.},
	year = {2024},
	month = {07},
	date = {2024-07-11},
	journal = {Attention, Perception, & Psychophysics},
	doi = {10.3758/s13414-024-02914-6},
	url = {http://dx.doi.org/10.3758/s13414-024-02914-6},
	langid = {en}
}

@article{ploeg2024,
	title = {Sexual homicide: a descriptive analysis of demographics, behaviour, and body disposal in New Zealand},
	author = {Ploeg, Oliver H. J. and Grace, Randolph C. and Cording, Jacinta R.},
	year = {2024},
	month = {07},
	date = {2024-07-08},
	journal = {Journal of Sexual Aggression},
	pages = {1--17},
	doi = {10.1080/13552600.2024.2374084},
	url = {http://dx.doi.org/10.1080/13552600.2024.2374084},
	langid = {en}
}
