
@article{perkel2022,
	title = {Cut the tyranny of copy-and-paste with these coding tools},
	author = {Perkel, Jeffrey M.},
	year = {2022},
	month = {02},
	date = {2022-02-28},
	journal = {Nature},
	pages = {191--192},
	volume = {603},
	number = {7899},
	doi = {10.1038/d41586-022-00563-z},
	url = {http://dx.doi.org/10.1038/d41586-022-00563-z},
	langid = {en}
}

@article{perkel2022,
	title = {Cut the tyranny of copy-and-paste with these coding tools},
	author = {Perkel, Jeffrey M},
	year = {2022},
	date = {2022},
	journal = {Nature},
	pages = {191--192},
	volume = {603},
	number = {7899},
	note = {Publisher: Nature}
}
