
@article{fein1997,
	title = {Prejudice as self-image maintenance: Affirming the self through derogating others.},
	author = {Fein, Steven and Spencer, Steven J.},
	year = {1997},
	month = {07},
	date = {1997-07},
	journal = {Journal of Personality and Social Psychology},
	pages = {31--44},
	volume = {73},
	number = {1},
	doi = {10.1037/0022-3514.73.1.31},
	url = {http://dx.doi.org/10.1037/0022-3514.73.1.31},
	langid = {en}
}

@article{fein1997a,
	title = {Prejudice as self-image maintenance: Affirming the self through derogating others.},
	author = {Fein, Steven and Spencer, Steven J.},
	year = {1997},
	month = {07},
	date = {1997-07},
	journal = {Journal of Personality and Social Psychology},
	pages = {31--44},
	volume = {73},
	number = {1},
	doi = {10.1037/0022-3514.73.1.31},
	url = {http://dx.doi.org/10.1037/0022-3514.73.1.31},
	langid = {en}
}

@article{bosson2006,
	title = {Interpersonal chemistry through negativity: Bonding by sharing negative attitudes about others},
	author = {Bosson, JENNIFER K. and JOHNSON, AMBER B. and NIEDERHOFFER, KATE and SWANN, WILLIAM B.},
	year = {2006},
	month = {05},
	date = {2006-05-09},
	journal = {Personal Relationships},
	pages = {135--150},
	volume = {13},
	number = {2},
	doi = {10.1111/j.1475-6811.2006.00109.x},
	url = {http://dx.doi.org/10.1111/j.1475-6811.2006.00109.x},
	langid = {en}
}

@article{weaver2011,
	title = {I Feel Like I Know You: Sharing Negative Attitudes of Others Promotes Feelings of Familiarity},
	author = {Weaver, Jonathan R. and Bosson, Jennifer K.},
	year = {2011},
	month = {02},
	date = {2011-02-04},
	journal = {Personality and Social Psychology Bulletin},
	pages = {481--491},
	volume = {37},
	number = {4},
	doi = {10.1177/0146167211398364},
	url = {http://dx.doi.org/10.1177/0146167211398364},
	langid = {en}
}

@article{kroger2006identity,
  title={Identity development during adolescence},
  author={Kroger, Jane},
  journal={Blackwell handbook of adolescence},
  pages={205--226},
  year={2006},
  publisher={Wiley Online Library}
}

@article{cheryan2005you,
  title={Where are you really from?: Asian Americans and identity denial.},
  author={Cheryan, Sapna and Monin, Beno{\^\i}t},
  journal={Journal of personality and social psychology},
  volume={89},
  number={5},
  pages={717},
  year={2005},
  publisher={American Psychological Association}
}

@article{albuja2019identity,
  title={Identity denied: Comparing American or White identity denial and psychological health outcomes among bicultural and biracial people},
  author={Albuja, Analia F and Sanchez, Diana T and Gaither, Sarah E},
  journal={Personality and Social Psychology Bulletin},
  volume={45},
  number={3},
  pages={416--430},
  year={2019},
  publisher={Sage Publications Sage CA: Los Angeles, CA}
}

@book{utz2011psychology,
  title={Psychology from the Islamic perspective},
  author={Aisha Utz},
  year={2011}
}

@article{brown2004family,
  title={Family structure and child well-being: The significance of parental cohabitation},
  author={Brown, Susan L},
  journal={Journal of marriage and family},
  volume={66},
  number={2},
  pages={351--367},
  year={2004},
  publisher={Wiley Online Library}
}

@article{flewelling1990family,
  title={Family structure as a predictor of initial substance use and sexual intercourse in early adolescence},
  author={Flewelling, Robert L and Bauman, Karl E},
  journal={Journal of Marriage and the Family},
  pages={171--181},
  year={1990},
  publisher={JSTOR}
}

@article{haurin1992patterns,
  title={Patterns of childhood residence and the relationship to young adult outcomes},
  author={Haurin, R Jean},
  journal={Journal of Marriage and the Family},
  pages={846--860},
  year={1992},
  publisher={JSTOR}
}



@article{côté2018,
	title = {The Enduring Usefulness of Erikson{\textquoteright}s Concept of the Identity Crisis in the 21st Century: An Analysis of Student Mental Health Concerns},
	author = {{Côté}, James E.},
	year = {2018},
	month = {10},
	date = {2018-10-02},
	journal = {Identity},
	pages = {251--263},
	volume = {18},
	number = {4},
	doi = {10.1080/15283488.2018.1524328},
	url = {http://dx.doi.org/10.1080/15283488.2018.1524328},
	langid = {en}
}

@article{simmons2011,
	title = {False-Positive Psychology},
	author = {Simmons, Joseph P. and Nelson, Leif D. and Simonsohn, Uri},
	year = {2011},
	month = {10},
	date = {2011-10-17},
	journal = {Psychological Science},
	pages = {1359--1366},
	volume = {22},
	number = {11},
	doi = {10.1177/0956797611417632},
	url = {http://dx.doi.org/10.1177/0956797611417632},
	langid = {en}
}

@article{morling2020,
	title = {What Psychology Teachers Should Know About Open Science and the New Statistics},
	author = {Morling, Beth and Calin-Jageman, Robert J.},
	year = {2020},
	month = {02},
	date = {2020-02-17},
	journal = {Teaching of Psychology},
	pages = {169--179},
	volume = {47},
	number = {2},
	doi = {10.1177/0098628320901372},
	url = {http://dx.doi.org/10.1177/0098628320901372},
	langid = {en}
}

@article{morling2020a,
	title = {What Psychology Teachers Should Know About Open Science and the New Statistics},
	author = {Morling, Beth and Calin-Jageman, Robert J.},
	year = {2020},
	month = {02},
	date = {2020-02-17},
	journal = {Teaching of Psychology},
	pages = {169--179},
	volume = {47},
	number = {2},
	doi = {10.1177/0098628320901372},
	url = {http://dx.doi.org/10.1177/0098628320901372},
	langid = {en}
}
